<?xml version="1.0" encoding="UTF-8"?><record xmlns="http://www.loc.gov/MARC21/slim" xmlns:cinclude="http://apache.org/cocoon/include/1.0" xmlns:zs="http://www.loc.gov/zing/srw/">
  <leader>00726nz  a2200217n  4500</leader>
  <controlfield tag="001">n 2003040467</controlfield>
  <controlfield tag="003">DLC</controlfield>
  <controlfield tag="005">20030626143111.0</controlfield>
  <controlfield tag="008">030626n| acabaaaan          |a aaa      </controlfield>
  <datafield tag="010" ind1=" " ind2=" ">
    <subfield code="a">n 2003040467</subfield>
  </datafield>
  <datafield tag="040" ind1=" " ind2=" ">
    <subfield code="a">DLC</subfield>
    <subfield code="b">eng</subfield>
    <subfield code="c">DLC</subfield>
  </datafield>
  <datafield tag="100" ind1="1" ind2=" ">
    <subfield code="a">Tadijanović, Dragutin.</subfield>
    <subfield code="t">Works.</subfield>
    <subfield code="f">2002</subfield>
  </datafield>
  <datafield tag="400" ind1="1" ind2="0">
    <subfield code="a">Tadijanović, Dragutin.</subfield>
    <subfield code="t">Djela Dragutina Tadijanovića.</subfield>
    <subfield code="f">2002</subfield>
  </datafield>
  <datafield tag="400" ind1="1" ind2="0">
    <subfield code="a">Tadijanović, Dragutin.</subfield>
    <subfield code="t">Djela.</subfield>
    <subfield code="f">2002</subfield>
  </datafield>
  <datafield tag="430" ind1=" " ind2="0">
    <subfield code="a">Djela Dragutina Tadijanovića.</subfield>
    <subfield code="f">2002</subfield>
  </datafield>
  <datafield tag="642" ind1=" " ind2=" ">
    <subfield code="a">sv. 1</subfield>
    <subfield code="5">DPCC</subfield>
    <subfield code="5">DLC</subfield>
  </datafield>
  <datafield tag="643" ind1=" " ind2=" ">
    <subfield code="a">Zagreb</subfield>
    <subfield code="b">Matica hrvatska</subfield>
  </datafield>
  <datafield tag="644" ind1=" " ind2=" ">
    <subfield code="a">f</subfield>
    <subfield code="5">DLC</subfield>
  </datafield>
  <datafield tag="645" ind1=" " ind2=" ">
    <subfield code="a">t</subfield>
    <subfield code="5">DPCC</subfield>
    <subfield code="5">DLC</subfield>
  </datafield>
  <datafield tag="646" ind1=" " ind2=" ">
    <subfield code="a">s</subfield>
    <subfield code="5">DLC</subfield>
  </datafield>
  <datafield tag="670" ind1=" " ind2=" ">
    <subfield code="a">Tadijanović, Dragutin. Knjiga pjesama prva (1920-1950), 2002:</subfield>
    <subfield code="b">series t.p. (Djela Dragutina Tadijanovića)</subfield>
  </datafield>
</record>